@InProceedings{pmlr-v134-tang21a,
  title = 	 {On Empirical Bayes Variational Autoencoder: An Excess Risk Bound},
  author =       {Tang, Rong and Yang, Yun},
  booktitle = 	 {Proceedings of Thirty Fourth Conference on Learning Theory},
  pages = 	 {4068--4125},
  year = 	 {2021},
  editor = 	 {Belkin, Mikhail and Kpotufe, Samory},
  volume = 	 {134},
  series = 	 {Proceedings of Machine Learning Research},
  month = 	 {15--19 Aug},
  publisher =    {PMLR},
  pdf = 	 {http://proceedings.mlr.press/v134/tang21a/tang21a.pdf},
  url = 	 {https://proceedings.mlr.press/v134/tang21a.html}
}

@inproceedings{tomczak2018vae,
  title={VAE with a VampPrior},
  author={Tomczak, Jakub and Welling, Max},
  booktitle={International conference on artificial intelligence and statistics},
  pages={1214--1223},
  year={2018},
  organization={PMLR}
}

@inproceedings{buchholz2018quasi,
  title={Quasi-{M}onte {C}arlo variational inference},
  author={Buchholz, Alexander and Wenzel, Florian and Mandt, Stephan},
  booktitle={International Conference on Machine Learning},
  pages={668--677},
  year={2018},
  organization={PMLR}
}

@article{he2022unbiased,
  title={Unbiased MLMC-based variational bayes for likelihood-free inference},
  author={He, Zhijian and Xu, Zhenghang and Wang, Xiaoqun},
  journal={SIAM Journal on Scientific Computing},
  volume={44},
  number={4},
  pages={A1884--A1910},
  year={2022},
  publisher={SIAM}
}

@article{fujisawa2021multilevel,
  title={Multilevel {M}onte {C}arlo variational inference},
  author={Fujisawa, Masahiro and Sato, Issei},
  journal={Journal of Machine Learning Research},
  volume={22},
  number={278},
  pages={1--44},
  year={2021}
}


@inproceedings{roeder2017sticking,
  title={Sticking the landing: Simple, lower-variance gradient estimators for variational inference},
  author={Roeder, Geoffrey and Wu, Yuhuai and Duvenaud, David K},
  booktitle={Advances in Neural Information Processing Systems},
  volume={30},
  year={2017}
}

@inproceedings{lievin2020optimal,
  title={Optimal variance control of the Score-Function gradient estimator for Importance-Weighted bounds},
  author={Li{\'e}vin, Valentin and Dittadi, Andrea and Christensen, Anders and Winther, Ole},
  booktitle={Advances in Neural Information Processing Systems},
  volume={33},
  pages={16591--16602},
  year={2020}
}

@inproceedings{ranganath2014black,
  title={Black Box Variational Inference},
  author={Ranganath, Rajesh and Gerrish, Sean and Blei, David},
  booktitle={International Conference on Artificial Intelligence and Statistics},
  pages={814--822},
  year={2014},
  organization={PMLR}
}

@inproceedings{miller2017reducing,
  title={Reducing reparameterization gradient variance},
  author={Miller, Andrew and Foti, Nick and D'Amour, Alexander and Adams, Ryan P},
  booktitle={Advances in Neural Information Processing Systems},
  volume={30},
  year={2017}
}

@inproceedings{paisley2012variational,
  title={Variational Bayesian inference with Stochastic Search},
  author={Paisley, John and Blei, David and Jordan, Michael},
  booktitle={International Conference on Machine Learning},
  pages={1367--1374},
  year={2012},
  organization={PMLR}
}


@article{williams1992simple,
  title={Simple statistical gradient-following algorithms for connectionist reinforcement learning},
  author={Williams, Ronald J},
  journal={Machine learning},
  volume={8},
  pages={229--256},
  year={1992},
  publisher={Springer}
}

@article{glynn1990likelihood,
  title={Likelihood ratio gradient estimation for stochastic systems},
  author={Glynn, Peter W},
  journal={Communications of the ACM},
  volume={33},
  number={10},
  pages={75--84},
  year={1990},
  publisher={ACM New York, NY, USA}
}

@inproceedings{rezende2014stochastic,
  title={Stochastic backpropagation and approximate inference in deep generative models},
  author={Rezende, Danilo Jimenez and Mohamed, Shakir and Wierstra, Daan},
  booktitle={International Conference on Machine Learning},
  pages={1278--1286},
  year={2014},
  organization={PMLR}
}

@article{kingma2019introduction,
  title={An introduction to variational autoencoders},
  author={Kingma, Diederik P and Welling, Max and others},
  journal={Foundations and Trends{\textregistered} in Machine Learning},
  volume={12},
  number={4},
  pages={307--392},
  year={2019},
  publisher={Now Publishers, Inc.}
}

@article{song2021train,
  title={How to train your energy-based models},
  author={Song, Yang and Kingma, Diederik P},
  journal={arXiv:2101.03288},
  year={2021}
}

@article{ng2001discriminative,
  title={On discriminative vs. generative classifiers: A comparison of logistic regression and naive bayes},
  author={Ng, Andrew and Jordan, Michael},
  journal={Advances in neural information processing systems},
  volume={14},
  year={2001}
}

@article{kingma2013auto,
  title={Auto-encoding variational bayes},
  author={Kingma, Diederik P and Welling, Max},
  journal={arXiv preprint arXiv:1312.6114},
  year={2013}
}

@inproceedings{blundell2015weight,
  title={Weight uncertainty in neural network},
  author={Blundell, Charles and Cornebise, Julien and Kavukcuoglu, Koray and Wierstra, Daan},
  booktitle={International conference on machine learning},
  pages={1613--1622},
  year={2015},
  organization={PMLR}
}